<?xml version="1.0" encoding="UTF-8"?>
<collection xmlns:xsi="http://www.w3.org/2001/XMLSchema-instance" xsi:schemaLocation="http://www.loc.gov/MARC21/slim http://www.loc.gov/standards/marcxml/schema/MARC21slim.xsd" xmlns="http://www.loc.gov/MARC21/slim">
<record>
  <leader>01270cam a22003131a 4500</leader>
  <controlfield tag="001">3233726</controlfield>
  <controlfield tag="003">NNC</controlfield>
  <controlfield tag="005">20130426153132.0</controlfield>
  <controlfield tag="008">940907s1863    ua            000 0 ara d</controlfield>
  <datafield tag="035" ind1=" " ind2=" ">
    <subfield code="a">(OCoLC)ocm31063398</subfield>
  </datafield>
  <datafield tag="035" ind1=" " ind2=" ">
    <subfield code="9">AUK6101CU</subfield>
  </datafield>
  <datafield tag="035" ind1=" " ind2=" ">
    <subfield code="a">(NNC)3233726</subfield>
  </datafield>
  <datafield tag="040" ind1=" " ind2=" ">
    <subfield code="a">CUY</subfield>
    <subfield code="c">CUY</subfield>
    <subfield code="d">ZCU</subfield>
  </datafield>
  <datafield tag="043" ind1=" " ind2=" ">
    <subfield code="a">aw-----</subfield>
    <subfield code="a">ff-----</subfield>
  </datafield>
  <datafield tag="099" ind1=" " ind2=" ">
    <subfield code="a">893.711</subfield>
    <subfield code="a">Ib5</subfield>
  </datafield>
  <datafield tag="100" ind1="1" ind2=" ">
    <subfield code="a">Ibn al-Wardī, Zayn al-Dīn ʻUmar ibn al-Muẓaffar,</subfield>
    <subfield code="d">-1349.</subfield>
  </datafield>
  <datafield tag="245" ind1="1" ind2="0">
    <subfield code="a">Hādhā Kitāb Kharīdat al-ʻajāʾib wa-farīdat al-gharāʾib,</subfield>
    <subfield code="b">al-jāmiʻ li-mā huwa li-ṭaraf al-duhūr ḥuwwira wa-li-jayyid al-zamān ʻuqad durar,</subfield>
    <subfield code="c">li-Sirāj al-Dīn Abī Ḥafṣ ʻUmar ibn al-Wardī.</subfield>
  </datafield>
  <datafield tag="260" ind1=" " ind2=" ">
    <subfield code="a">[Miṣr?</subfield>
    <subfield code="b">1863]</subfield>
  </datafield>
  <datafield tag="300" ind1=" " ind2=" ">
    <subfield code="a">298 p.</subfield>
  </datafield>
  <datafield tag="500" ind1=" " ind2=" ">
    <subfield code="a">Compiled from al-Ḥarrānī's Jāmiʻ al-funūn.</subfield>
  </datafield>
  <datafield tag="651" ind1=" " ind2="0">
    <subfield code="a">Middle East</subfield>
    <subfield code="x">Description and travel.</subfield>
  </datafield>
  <datafield tag="650" ind1=" " ind2="0">
    <subfield code="a">Geography, Arab.</subfield>
  </datafield>
  <datafield tag="650" ind1=" " ind2="0">
    <subfield code="a">Geography, Medieval.</subfield>
  </datafield>
  <datafield tag="651" ind1=" " ind2="0">
    <subfield code="a">Islamic Empire</subfield>
    <subfield code="x">Geography.</subfield>
  </datafield>
  <datafield tag="650" ind1=" " ind2="0">
    <subfield code="a">Islamic cosmology.</subfield>
  </datafield>
  <datafield tag="700" ind1="1" ind2="2">
    <subfield code="a">Ḥarrānī, Aḥmad ibn Ḥamdān,</subfield>
    <subfield code="d">active 1332.</subfield>
    <subfield code="t">Jāmiʻ al-funūn wa-salwat al-maḥzūn.</subfield>
  </datafield>
  <datafield tag="740" ind1="0" ind2="1">
    <subfield code="a">Kharīdat al-ʻajāʾib wa-farīdat al-gharāʾib.</subfield>
  </datafield>
  <datafield tag="740" ind1="0" ind2="1">
    <subfield code="a">Kitāb Kharīdat al-ʻajāʾib wa-farīdat al-gharāʾib.</subfield>
  </datafield>
  <datafield tag="955" ind1=" " ind2=" ">
    <subfield code="b">0026682117</subfield>
    <subfield code="d">glx</subfield>
    <subfield code="e">893.711 Ib5</subfield>
  </datafield>
</record>
</collection>